<?xml version="1.0" encoding="UTF-8"?><collection xmlns="http://www.loc.gov/MARC21/slim"><record><leader>00578nam--2200193-i-4500</leader><controlfield tag="001">000026305</controlfield><controlfield tag="002">20161230</controlfield><controlfield tag="005">20161230201036</controlfield><controlfield tag="008">060222s1000------------r-----000-0-eng-d</controlfield><datafield ind1=" " ind2=" " tag="020"><subfield code="a">9282610659</subfield></datafield><datafield ind1=" " ind2=" " tag="040"><subfield code="a">IFIN-HH</subfield></datafield><datafield ind1=" " ind2=" " tag="080"><subfield code="a">539.163</subfield></datafield><datafield ind1="1" ind2=" " tag="100"><subfield code="a">Karpf, A.D</subfield></datafield><datafield ind1="1" ind2="0" tag="245"><subfield code="a">Accounting method for radiation doses due to long-lived natural radionuclides</subfield><subfield code="b">Final report</subfield><subfield code="c">A.d. karpf</subfield></datafield><datafield ind1=" " ind2=" " tag="260"><subfield code="a">Brussels</subfield><subfield code="b">Commission Of The European Communities</subfield><subfield code="c">1990</subfield></datafield><datafield ind1=" " ind2=" " tag="300"><subfield code="a">45P</subfield></datafield><datafield ind1=" " ind2=" " tag="490"><subfield code="a">Nuclear Science And Technology</subfield></datafield><datafield ind1=" " ind2=" " tag="852"><subfield code="a">80197</subfield><subfield code="c">539.163</subfield></datafield><datafield ind1=" " ind2=" " tag="CAT"><subfield code="a">Sys</subfield><subfield code="c">20120518</subfield><subfield code="h">111835</subfield></datafield></record></collection>